<record><leader>02173cam a2200493 i 4500</leader><controlfield tag="001">6769085</controlfield><controlfield tag="003">OCoLC</controlfield><controlfield tag="005">20141221135356.0</controlfield><controlfield tag="008">140908t20152015caua     b    001 0 eng  </controlfield><datafield ind1=" " ind2=" " tag="010"><subfield code="a">  2014025411</subfield></datafield><datafield ind1=" " ind2=" " tag="015"><subfield code="a">GBB4B9349</subfield><subfield code="2">bnb</subfield></datafield><datafield ind1="7" ind2=" " tag="016"><subfield code="a">016912744</subfield><subfield code="2">Uk</subfield></datafield><datafield ind1=" " ind2=" " tag="020"><subfield code="a">9781118955154</subfield><subfield code="q">hardcover</subfield></datafield><datafield ind1=" " ind2=" " tag="020"><subfield code="a">1118955153</subfield><subfield code="q">hardcover</subfield></datafield><datafield ind1=" " ind2=" " tag="020"><subfield code="z">9781118955178</subfield><subfield code="q">ebook</subfield></datafield><datafield ind1=" " ind2=" " tag="020"><subfield code="z">9781118955161</subfield><subfield code="q">ebook</subfield></datafield><datafield ind1=" " ind2=" " tag="040"><subfield code="a">DLC</subfield><subfield code="b">eng</subfield><subfield code="e">rda</subfield><subfield code="c">DLC</subfield><subfield code="d">YDX</subfield><subfield code="d">UKMGB</subfield><subfield code="d">OCO</subfield><subfield code="d">YDXCP</subfield><subfield code="d">CDX</subfield><subfield code="d">UAB</subfield></datafield><datafield ind1=" " ind2=" " tag="042"><subfield code="a">pcc</subfield></datafield><datafield ind1=" " ind2=" " tag="043"><subfield code="a">n-us---</subfield></datafield><datafield ind1="0" ind2="0" tag="050"><subfield code="a">LB1028.5</subfield><subfield code="b">.H66 2015</subfield></datafield><datafield ind1="0" ind2="0" tag="082"><subfield code="a">371.3</subfield><subfield code="2">23</subfield></datafield><datafield ind1=" " ind2=" " tag="090"><subfield code="a">LB 1028.5 H66 2015</subfield><subfield code="b">AEU</subfield></datafield><datafield ind1="1" ind2=" " tag="100"><subfield code="a">Horn, Michael B.,</subfield><subfield code="e">author.</subfield></datafield><datafield ind1="1" ind2="0" tag="245"><subfield code="a">Blended :</subfield><subfield code="b">using disruptive innovation to improve schools /</subfield><subfield code="c">Michael B. Horn and Heather Staker ; foreword by Clayton M. Christensen.</subfield></datafield><datafield ind1=" " ind2=" " tag="250"><subfield code="a">First edition.</subfield></datafield><datafield ind1=" " ind2="1" tag="264"><subfield code="a">San Francisco, CA :</subfield><subfield code="b">Jossey-Bass, a Wiley brand,</subfield><subfield code="c">[2015]</subfield></datafield><datafield ind1=" " ind2="4" tag="264"><subfield code="c">&#169;2015</subfield></datafield><datafield ind1=" " ind2=" " tag="300"><subfield code="a">xxvi, 304 pages :</subfield><subfield code="b">illustrations ;</subfield><subfield code="c">25 cm</subfield></datafield><datafield ind1=" " ind2=" " tag="336"><subfield code="a">text</subfield><subfield code="b">txt</subfield><subfield code="2">rdacontent</subfield></datafield><datafield ind1=" " ind2=" " tag="336"><subfield code="a">still image</subfield><subfield code="b">sti</subfield><subfield code="2">rdacontent</subfield></datafield><datafield ind1=" " ind2=" " tag="337"><subfield code="a">unmediated</subfield><subfield code="b">n</subfield><subfield code="2">rdamedia</subfield></datafield><datafield ind1=" " ind2=" " tag="338"><subfield code="a">volume</subfield><subfield code="b">nc</subfield><subfield code="2">rdacarrier</subfield></datafield><datafield ind1=" " ind2=" " tag="504"><subfield code="a">Includes bibliographical references and index.</subfield></datafield><datafield ind1="0" ind2="0" tag="505"><subfield code="t">Understanding.</subfield><subfield code="t">What is blended learning? ;</subfield><subfield code="t">Are all classrooms going to blend? --</subfield><subfield code="t">Mobilizing.</subfield><subfield code="t">Start with the rallying cry ;</subfield><subfield code="t">Organize to innovate --</subfield><subfield code="t">Designing.</subfield><subfield code="t">Motivate the students ;</subfield><subfield code="t">Elevate teaching ;</subfield><subfield code="t">Design the virtual and physical setup ;</subfield><subfield code="t">Choose the model  ;</subfield><subfield code="t">Create the culture ;</subfield><subfield code="t">Discover you way to success ;</subfield><subfield code="t">Conclusion.</subfield></datafield><datafield ind1=" " ind2=" " tag="596"><subfield code="a">41</subfield></datafield><datafield ind1=" " ind2="0" tag="650"><subfield code="a">Blended learning</subfield><subfield code="z">United States.</subfield></datafield><datafield ind1=" " ind2="0" tag="650"><subfield code="a">Computer-assisted instruction</subfield><subfield code="z">United States.</subfield></datafield><datafield ind1=" " ind2="0" tag="650"><subfield code="a">Internet in education</subfield><subfield code="z">United States.</subfield></datafield><datafield ind1=" " ind2="0" tag="650"><subfield code="a">School management and organization.</subfield></datafield><datafield ind1="1" ind2=" " tag="700"><subfield code="a">Staker, Heather,</subfield><subfield code="e">author.</subfield></datafield><datafield ind1="1" ind2=" " tag="700"><subfield code="a">Christensen, Clayton M.,</subfield><subfield code="e">author of foreword.</subfield></datafield><datafield ind1="4" ind2="2" tag="856"><subfield code="3">Cover image</subfield><subfield code="u">http://catalogimages.wiley.com/images/db/jimages/9781118955154.jpg</subfield></datafield><datafield ind1=" " ind2=" " tag="949"><subfield code="a">LB 1028.5 H66 2015</subfield><subfield code="c">1</subfield><subfield code="h">UAED-B</subfield><subfield code="i">0162035211695</subfield></datafield><datafield ind1=" " ind2=" " tag="926"><subfield code="a">LB 1028.5 H66 2015</subfield><subfield code="w">LC</subfield><subfield code="c">1</subfield><subfield code="i">0162035211695</subfield><subfield code="d">5/12/2016</subfield><subfield code="l">FLOOR_2</subfield><subfield code="m">UAEDUC</subfield><subfield code="p">$150.00</subfield><subfield code="r">Y</subfield><subfield code="s">Y</subfield><subfield code="t">BOOK</subfield><subfield code="u">1/9/2015</subfield></datafield></record>